@article{kim1998stochastic,
  title={Stochastic volatility: likelihood inference and comparison with ARCH models},
  author={Kim, Sangjoon and Shephard, Neil and Chib, Siddhartha},
  journal={The review of economic studies},
  volume={65},
  number={3},
  pages={361--393},
  year={1998},
  publisher={Wiley-Blackwell}
}

@article {dejong1995,
	title = {The simulation smoother for time series models},
	journal = {Biometrika},
	volume = {82},
	year = {1995},
	note = {Reprinted in "Readings in Unobserved Component Models," A.C. Harvey and T. Proietti, 2005, 354-367, Oxford University Press.},
	pages = {339-350},
	author = {de Jong, Piet and Neil Shephard}
}

@phdthesis{neal1995bayesian,
  title={BAYESIAN LEARNING FOR NEURAL NETWORKS},
  author={Neal, Radford M},
  year={1995},
  school={University of Toronto}
}

@article{neal2011mcmc,
  title={MCMC using Hamiltonian dynamics},
  author={Neal, Radford M and others},
  journal={Handbook of markov chain monte carlo},
  volume={2},
  number={11},
  pages={2},
  year={2011},
  publisher={Chapman and Hall/CRC}
}

@software{stan,
  author = {{Stan Development Team}},
  title = {Stan Modeling Language Users Guide and Reference Manual},
  url = {https://mc-stan.org/users/documentation/},
  version = {2.33},
  year = {2023},
}

@article{pymc2023,
  title={PyMC: A Modern and Comprehensive Probabilistic Programming Framework in Python},
  author={Abril-Pla Oriol and Andreani Virgile and Carroll Colin and Dong Larry and Fonnesbeck Christopher J. and Kochurov Maxim and Kumar Ravin and Lao Jupeng and Luhmann Christian C. and Martin Osvaldo A. and Osthege Michael and Vieira Ricardo and Wiecki Thomas and Zinkov Robert},
  journal = {{PeerJ} Computer Science},
  publisher = {{PeerJ}},
  volume={9},
  pages={e1516},
  year={2023},
  doi={10.7717/peerj-cs.1516}
}

@article{duane1987hybrid,
  title={Hybrid monte carlo},
  author={Duane, Simon and Kennedy, Anthony D and Pendleton, Brian J and Roweth, Duncan},
  journal={Physics letters B},
  volume={195},
  number={2},
  pages={216--222},
  year={1987},
  publisher={Elsevier}
}

@article{hoffman2014no,
  title={The No-U-Turn sampler: adaptively setting path lengths in Hamiltonian Monte Carlo.},
  author={Hoffman, Matthew D and Gelman, Andrew and others},
  journal={J. Mach. Learn. Res.},
  volume={15},
  number={1},
  pages={1593--1623},
  year={2014}
}

@article{talts2018validating,
  title={Validating Bayesian inference algorithms with simulation-based calibration},
  author={Talts, Sean and Betancourt, Michael and Simpson, Daniel and Vehtari, Aki and Gelman, Andrew},
  journal={arXiv preprint arXiv:1804.06788},
  year={2018}
}
